@article{1,title={749 Evidence for major gene inheritance of Alzheimer disease in families of patients with and without APOE ε4. VS Rao}, volume={17}, DOI={10.1016/s0197-4580(96)80751-2}, number={4}, journal={Neurobiology of Aging}, author={Cupples, L.a. and Duijn, C.m. Van and Kurz, A. and Green, R. and Chui, H. and Duara, R. and Auerbach, S. and Volicer, L. and Wells, J. and Broeckhoven, C. Van and et al.}, year={1996}}
@article{2, title={The apolipoprotein E genotype predicts longitudinal transitions to mild cognitive impairment but not to Alzheimers dementia: Findings from a nationally representative study.}, volume={27}, DOI={10.1037/a0030855}, number={1}, journal={Neuropsychology}, author={Brainerd, C. J. and Reyna, V. F. and Petersen, R. C. and Smith, G. E. and Kenney, A. E. and Gross, C. J. and Taub, E. S. and Plassman, B. L. and Fisher, G. G.}, year={2013}, pages={86–94}}
@article{3, title={A Mathematical Model of Alzheimers Disease and the Apoe Gene}, volume={30}, DOI={10.2143/ast.30.1.504627}, number={1}, journal={ASTIN Bulletin}, author={Macdonald, Angus and Pritchard, Delme}, year={2000}, pages={69–110}}
@article{4, title={Effects of Age, Sex, and Ethnicity on the Association Between Apolipoprotein E Genotype and Alzheimer Disease}, volume={278}, DOI={10.1001/jama.1997.03550160069041}, number={16}, journal={Jama}, author={Farrer, Lindsay A.}, year={1997}, pages={1349}}